<?xml version="1.0" encoding="UTF-8"?><collection xmlns="http://www.loc.gov/MARC21/slim"><record><leader>00508nam--2200121-i-4500</leader><controlfield tag="001">000030021</controlfield><controlfield tag="002">20161230</controlfield><controlfield tag="005">20161230201038</controlfield><controlfield tag="008">060222s1000------------r-----000-0-eng-d</controlfield><datafield ind1=" " ind2=" " tag="100"><subfield code="a">Lasseur, Claudse</subfield></datafield><datafield ind1=" " ind2=" " tag="245"><subfield code="a">Le dosage des radionucleides par la methode des prelevements successifs de courte duree. application a la mesure de la concentration et du desequilibre des descendants du radon dans les atmospheres libres et conditionnees. these</subfield></datafield><datafield ind1=" " ind2=" " tag="260"><subfield code="a">Toulouse, Faculte Des Sciences, 1970, 147p</subfield></datafield><datafield ind1=" " ind2=" " tag="852"><subfield code="a">38306</subfield></datafield></record></collection>